@MISC{Colin_original_raiblocks,
    author = {Colin LeMahieu},
    title = {Raiblocks Distributed Ledger Network},
    year = {2014}
}

@MISC{Nakamoto_bitcoin:a,
    author = {Satoshi Nakamoto},
    title = {Bitcoin: A Peer-to-Peer Electronic Cash System},
    url = {http://bitcoin.org/bitcoin.pdf},
    year = {2008}
}

@MISC{Popov_tangle:a,
    author = {Serguei Popov},
    title = {The Tangle},
    year = {2016}
}

@MISC{Churyumov_byteball:a,
    author = {Anton Churyumov},
    title = {Byteball: A Decentralized System for Storage and Transfer of Value},
    year = {2016}
}

@MISC{Ribero_dagcoin:a,
    author = {Yary Ribero and Daniel Raissar},
    title = {Dagcoin Whitepaper},
    year = {2015}
}

@MISC{Bitcoin_energy_index,
    title = {Bitcoin Energy Consumption Index},
    publisher = {Digiconomist},
    url = {https://digiconomist.net/bitcoin-energy-consumption}
}

@MISC{Bitcoin_avg_confirmation_time,
    title = {Bitcoin Average Confirmation Time},
    publisher = {Blockchain Luxembourg},
    url = {https://blockchain.info/charts/avg-confirmation-time}
}

@MISC{Bitcoin_med_fee,
    title = {Bitcoin Median Transaction Fee Historical Chart},
    url = {https://bitinfocharts.com/comparison/bitcoin-median_transaction_fee.html}
}

@MISC{King_peercoin,
    author = {Sunny King and Scott Nadal },
    title = {PPCoin: Peer-to-Peer Crypto-Currency with Proof-of-Stake},
    url = {https://peercoin.net/assets/paper/peercoin-paper.pdf},
    year = {2012}
}

@MISC{LeMahieu_github,
    author = {Colin LeMahieu},
    title = {RaiBlocks},
    year = {2014},
    publisher = {Github},
    journal = {GitHub repository},
    url = {https://github.com/clemahieu/raiblocks}
}

@MISC{Bernstein_ED25519,
    author = {Daniel J. Bernstein and
            Niels Duif and
            Tanja Lange and
            Peter Shwabe and
            Bo-Yin Yang},
    title = {High-Speed High-Security Signatures},
    year = {2011},
    url = {http://ed25519.cr.yp.to/ed25519-20110926.pdf}
}

@MISC{Aumasson_blake2,
    author = {Jean-Philippe Aumasson and
            Samuel Neves and
            Zooko Wilcox-O'Hearn and
            Christian Winnerlein},
    title = {BLAKE2: Simpler, Smaller, Fast as MD5},
    year = {2012},
    url = {https://blake2.net/blake2.pdf}

}

@MISC{Biryukov_argon2,
    author = { Alex Biryukov and
            Daniel Dinu and
            Dmitry Khovratovich},
    title = {Argon2: The Memory-Hard Function For Password Hashing and Other Applications},
    year = {2015},
    url = {https://password-hashing.net/argon2-specs.pdf}
}

@MISC{Back_hashcash,
    author = {Adam Back},
    title = {Hashcash - A Denial of Service Counter-Measure},
    year = {2002},
    url = {http://www.hashcash.org/papers/hashcash.pdf}
}
